<?xml version="1.0" encoding="UTF-8"?><collection xmlns="http://www.loc.gov/MARC21/slim"><record><leader>00436nam--2200145-i-4500</leader><controlfield tag="001">000001010</controlfield><controlfield tag="002">20161230</controlfield><controlfield tag="005">20161230201024</controlfield><controlfield tag="008">060222s1000------------r-----000-0-eng-d</controlfield><datafield ind1=" " ind2=" " tag="080"><subfield code="a">65.01</subfield></datafield><datafield ind1=" " ind2=" " tag="245"><subfield code="a">Project planning and management.an integrated approach</subfield></datafield><datafield ind1=" " ind2=" " tag="260"><subfield code="a">New York, Pergamon Press, 1980. Xxvii + 284 P</subfield></datafield><datafield ind1=" " ind2=" " tag="490"><subfield code="a">Pergamon Policy Studies On Socio-economic Development</subfield></datafield><datafield ind1=" " ind2=" " tag="700"><subfield code="a">Goodman, L.J., Love,R.N</subfield></datafield><datafield ind1=" " ind2=" " tag="852"><subfield code="a">49116</subfield></datafield></record></collection>